@Article{7457930, 
author={Some John Doe}, 
booktitle={John Doe's Book}, 
title={I am John Doe}, 
year={2015}, 
volume={}, 
number={}, 
pages={1-4}}